@article{cubaud2008capillary,
  title={Capillary threads and viscous droplets in square microchannels},
  author={Cubaud, Thomas and Mason, Thomas G},
  journal={Physics of fluids},
  volume={20},
  number={5},
  pages={053302},
  year={2008},
  publisher={American Institute of Physics}
}
@Article{park1984two,
  author    = {Park, C-W and Homsy, GM},
  title     = {Two-phase displacement in Hele Shaw cells: theory},
  journal   = {Journal of Fluid Mechanics},
  year      = {1984},
  volume    = {139},
  pages     = {291--308},
  file      = {park1984two.pdf:park1984two.pdf:PDF},
  publisher = {Cambridge University Press},
}
